%
% Haotao's thesis reference
%


@misc{OpenISS,
	title = {OpenISS Framework},
	year={2016},
	howpublished = {\url{https://github.com/OpenISS/OpenISS}}
}

@article{ISS,
	author    = {Miao Song},
	title     = {Computer-Assisted Interactive Documentary and Performance Arts in
	Illimitable Space},
	journal   = {CoRR},
	volume    = {abs/1212.6250},
	year      = {2012},
	url       = {http://arxiv.org/abs/1212.6250},
	archivePrefix = {arXiv},
	eprint    = {1212.6250},
	timestamp = {Mon, 13 Aug 2018 16:46:40 +0200},
	biburl    = {https://dblp.org/rec/bib/journals/corr/abs-1212-6250},
	bibsource = {dblp computer science bibliography, https://dblp.org}
}

@article{YOLOv1},
  author    = {Joseph Redmon and
               Santosh Kumar Divvala and
               Ross B. Girshick and
               Ali Farhadi},
  title     = {You Only Look Once: Unified, Real-Time Object Detection},
  journal   = {CoRR},
  volume    = {abs/1506.02640},
  year      = {2015},
  url       = {http://arxiv.org/abs/1506.02640},
  archivePrefix = {arXiv},
  eprint    = {1506.02640},
  timestamp = {Mon, 13 Aug 2018 16:48:08 +0200},
  biburl    = {https://dblp.org/rec/bib/journals/corr/RedmonDGF15},
  bibsource = {dblp computer science bibliography, https://dblp.org}
}

@article{YOLOv2,
  author    = {Joseph Redmon and
               Ali Farhadi},
  title     = {{YOLO9000:} Better, Faster, Stronger},
  journal   = {CoRR},
  volume    = {abs/1612.08242},
  year      = {2016},
  url       = {http://arxiv.org/abs/1612.08242},
  archivePrefix = {arXiv},
  eprint    = {1612.08242},
  timestamp = {Mon, 13 Aug 2018 16:48:25 +0200},
  biburl    = {https://dblp.org/rec/bib/journals/corr/RedmonF16},
  bibsource = {dblp computer science bibliography, https://dblp.org}
}

@article{YOLOv3,
  author    = {Joseph Redmon and
               Ali Farhadi},
  title     = {YOLOv3: An Incremental Improvement},
  journal   = {CoRR},
  volume    = {abs/1804.02767},
  year      = {2018},
  url       = {http://arxiv.org/abs/1804.02767},
  archivePrefix = {arXiv},
  eprint    = {1804.02767},
  timestamp = {Mon, 13 Aug 2018 16:48:24 +0200},
  biburl    = {https://dblp.org/rec/bib/journals/corr/abs-1804-02767},
  bibsource = {dblp computer science bibliography, https://dblp.org}
}




















